<?xml version="1.0" encoding="UTF-8"?>
<collection xmlns:xsi="http://www.w3.org/2001/XMLSchema-instance" xsi:schemaLocation="http://www.loc.gov/MARC21/slim http://www.loc.gov/standards/marcxml/schema/MARC21slim.xsd" xmlns="http://www.loc.gov/MARC21/slim">
<record>
  <leader>00931cam a2200241 i 4500</leader>
  <controlfield tag="001">144801</controlfield>
  <controlfield tag="003">NNC</controlfield>
  <controlfield tag="005">20160623143608.0</controlfield>
  <controlfield tag="008">830310q19701971ir ah    b    000 0 ara d</controlfield>
  <datafield tag="035" ind1=" " ind2=" ">
    <subfield code="a">(OCoLC)78593199</subfield>
  </datafield>
  <datafield tag="035" ind1=" " ind2=" ">
    <subfield code="a">(OCoLC)ocm78593199</subfield>
  </datafield>
  <datafield tag="035" ind1=" " ind2=" ">
    <subfield code="a">(CStRLIN)NYCG83-B18532</subfield>
  </datafield>
  <datafield tag="035" ind1=" " ind2=" ">
    <subfield code="9">AAR3702CU</subfield>
  </datafield>
  <datafield tag="035" ind1=" " ind2=" ">
    <subfield code="a">(NNC)144801</subfield>
  </datafield>
  <datafield tag="040" ind1=" " ind2=" ">
    <subfield code="a">NN</subfield>
    <subfield code="c">NN</subfield>
    <subfield code="d">NNC</subfield>
  </datafield>
  <datafield tag="090" ind1=" " ind2=" ">
    <subfield code="a">BP166.94</subfield>
    <subfield code="b">.I23 1970</subfield>
  </datafield>
  <datafield tag="100" ind1="1" ind2=" ">
    <subfield code="a">Ibn Bābawayh al-Qummī, Muḥammad ibn ʻAlī,</subfield>
    <subfield code="d">918 or 919-991 or 992.</subfield>
  </datafield>
  <datafield tag="245" ind1="1" ind2="0">
    <subfield code="a">Kamāl al-dīn wa-tamām al-niʻmah /</subfield>
    <subfield code="b">lil-Shaykh Abī Jaʻfar Muḥammad ibn ʻAlī ibn al-Ḥusayn ibn Bābawayh al-Qummī ; ṣaḥḥaḥahu wa-ʻallaqa ʻalayhi ʻAlī Akbar al-Ghaffārī.</subfield>
  </datafield>
  <datafield tag="260" ind1=" " ind2=" ">
    <subfield code="a">Tihrān :</subfield>
    <subfield code="b">Maktabat al-Ṣaduq,</subfield>
    <subfield code="c">1390 [1970 or 1971].</subfield>
  </datafield>
  <datafield tag="300" ind1=" " ind2=" ">
    <subfield code="a">2 v. in 1 :</subfield>
    <subfield code="b">ill., facsims. ;</subfield>
    <subfield code="c">25 cm.</subfield>
  </datafield>
  <datafield tag="504" ind1=" " ind2=" ">
    <subfield code="a">Includes bibliographical references.</subfield>
  </datafield>
  <datafield tag="650" ind1=" " ind2="0">
    <subfield code="a">Imamate.</subfield>
  </datafield>
  <datafield tag="700" ind1="1" ind2=" ">
    <subfield code="a">Ghaffārī, ʻAlī Akbar.</subfield>
  </datafield>
  <datafield tag="955" ind1=" " ind2=" ">
    <subfield code="b">CU54701929</subfield>
    <subfield code="d">off,glx</subfield>
    <subfield code="e">BP166.94 .I23 1970</subfield>
  </datafield>
</record>
</collection>